<?xml version="1.0" encoding="UTF-8"?><collection xmlns="http://www.loc.gov/MARC21/slim"><record><leader>00649nam--2200205-u-4500</leader><controlfield tag="001">000054190</controlfield><controlfield tag="002">20161230</controlfield><controlfield tag="005">20161230201051</controlfield><controlfield tag="008">110915s1000------------r-----000-0-eng-d</controlfield><datafield ind1=" " ind2=" " tag="020"><subfield code="a">0198564171</subfield></datafield><datafield ind1=" " ind2=" " tag="040"><subfield code="a">IFIN-HH</subfield></datafield><datafield ind1=" " ind2=" " tag="080"><subfield code="a">537.533.35(06)</subfield></datafield><datafield ind1="1" ind2=" " tag="100"><subfield code="a">Budd, P.M</subfield></datafield><datafield ind1="1" ind2="0" tag="245"><subfield code="a">Light-element analysis in the transmission electron microscope:wedx and eels</subfield><subfield code="b">Microscopy handbooks 16</subfield><subfield code="c">P.m. busss, peter j. goodhew</subfield></datafield><datafield ind1=" " ind2=" " tag="260"><subfield code="a">Oxford</subfield><subfield code="b">Oxfors University Press</subfield><subfield code="c">1988</subfield></datafield><datafield ind1=" " ind2=" " tag="300"><subfield code="a">73P</subfield></datafield><datafield ind1=" " ind2=" " tag="490"><subfield code="a">Royal Microscopy Society Microscopy Handbooks 16</subfield></datafield><datafield ind1="1" ind2=" " tag="700"><subfield code="a">Goodhew, Peter J</subfield></datafield><datafield ind1=" " ind2=" " tag="852"><subfield code="a">81205</subfield><subfield code="c">537.533.35</subfield></datafield><datafield ind1=" " ind2=" " tag="CAT"><subfield code="a">Sys</subfield><subfield code="c">20110915</subfield><subfield code="h">152657</subfield></datafield></record></collection>